<?xml version="1.0" encoding="UTF-8"?><collection xmlns="http://www.loc.gov/MARC21/slim"><record><leader>00486nam--2200181-u-4500</leader><controlfield tag="001">000052246</controlfield><controlfield tag="002">20161230</controlfield><controlfield tag="005">20161230201050</controlfield><controlfield tag="008">100604s1000------------r-----000-0-rus-d</controlfield><datafield ind1=" " ind2=" " tag="040"><subfield code="a">IFIN-HH</subfield></datafield><datafield ind1=" " ind2=" " tag="041"><subfield code="a">rus</subfield></datafield><datafield ind1="1" ind2=" " tag="100"><subfield code="a">Koroliuk, V.S</subfield></datafield><datafield ind1="1" ind2="0" tag="245"><subfield code="a">Matematiceskie osnovi fazovogo ukrupneniia slozhnyh sistem</subfield><subfield code="c">V.S. Koroliuk ; A.F. Turbin</subfield></datafield><datafield ind1=" " ind2=" " tag="260"><subfield code="a">Kiev</subfield><subfield code="b">Naukova dimka</subfield><subfield code="c">1978</subfield></datafield><datafield ind1=" " ind2=" " tag="300"><subfield code="a">218 p</subfield></datafield><datafield ind1="1" ind2=" " tag="700"><subfield code="a">Turbin, A.F</subfield></datafield><datafield ind1=" " ind2=" " tag="852"><subfield code="a">46784</subfield><subfield code="c">519.2</subfield></datafield><datafield ind1=" " ind2=" " tag="CAT"><subfield code="a">Sys</subfield><subfield code="c">20100604</subfield><subfield code="h">130258</subfield></datafield></record></collection>